<?xml version = "1.0" encoding = "UTF-8"?>
<collection xmlns="http://www.loc.gov/MARC21/slim"
  xmlns:xsi="http://www.w3.org/2001/XMLSchema-instance"
  xsi:schemaLocation="http://www.loc.gov/MARC21/slim
http://www.loc.gov/standards/marcxml/schema/MARC21slim.xsd">
  <record xmlns="http://www.loc.gov/MARC21/slim"
    xmlns:xsi="http://www.w3.org/2001/XMLSchema-instance"
    xsi:schemaLocation="http://www.loc.gov/MARC21/slim
http://www.loc.gov/standards/marcxml/schema/MARC21slim.xsd">
    <leader>     cpcaa2200649Ii 4500</leader>
    <controlfield tag="001">000813440</controlfield>
    <controlfield tag="005">20170801144819.0</controlfield>
    <controlfield tag="008">880715i18211973vau                 eng d</controlfield>
    <datafield tag="024" ind1="8" ind2=" ">
      <subfield code="a">cox</subfield>
      <subfield code="d">DUKEPLEAD</subfield>
    </datafield>
    <datafield tag="035" ind1=" " ind2=" ">
      <subfield code="a">18219168</subfield>
    </datafield>
    <datafield tag="040" ind1=" " ind2=" ">
      <subfield code="a">NDD</subfield>
      <subfield code="b">eng</subfield>
      <subfield code="e">rda</subfield>
      <subfield code="e">dacs</subfield>
      <subfield code="c">NDD</subfield>
      <subfield code="d">OCL</subfield>
      <subfield code="d">OCLCQ</subfield>
      <subfield code="d">OCLCG</subfield>
      <subfield code="d">NDD</subfield>
      <subfield code="d">OCLCQ</subfield>
      <subfield code="d">OCLCO</subfield>
      <subfield code="d">NDD</subfield>
    </datafield>
    <datafield tag="043" ind1=" " ind2=" ">
      <subfield code="a">f------</subfield>
      <subfield code="a">n-us-va</subfield>
      <subfield code="a">n-us---</subfield>
    </datafield>
    <datafield tag="049" ind1=" " ind2=" ">
      <subfield code="a">NDDP</subfield>
    </datafield>
    <datafield tag="090" ind1=" " ind2=" ">
      <subfield code="a">RL.00262</subfield>
    </datafield>
    <datafield tag="100" ind1="1" ind2=" ">
      <subfield code="a">Cox, Earnest Sevier,</subfield>
      <subfield code="0">http://id.loc.gov/authorities/names/n85224100</subfield>
      <subfield code="e">creator.</subfield>
    </datafield>
    <datafield tag="245" ind1="1" ind2="0">
      <subfield code="a">Earnest Sevier Cox papers,</subfield>
      <subfield code="f">1821-1973,</subfield>
      <subfield code="g">1900-1964 (bulk).</subfield>
    </datafield>
    <datafield tag="264" ind1=" " ind2="0">
      <subfield code="c">1821-1973.</subfield>
    </datafield>
    <datafield tag="300" ind1=" " ind2=" ">
      <subfield code="a">13,000</subfield>
      <subfield code="f">items.</subfield>
    </datafield>
    <datafield tag="336" ind1=" " ind2=" ">
      <subfield code="a">text</subfield>
      <subfield code="b">txt</subfield>
      <subfield code="2">rdacontent</subfield>
    </datafield>
    <datafield tag="337" ind1=" " ind2=" ">
      <subfield code="a">unmediated</subfield>
      <subfield code="b">n</subfield>
      <subfield code="2">rdamedia</subfield>
    </datafield>
    <datafield tag="338" ind1=" " ind2=" ">
      <subfield code="a">sheet</subfield>
      <subfield code="b">nb</subfield>
      <subfield code="2">rdacarrier</subfield>
    </datafield>
    <datafield tag="351" ind1=" " ind2=" ">
      <subfield code="a">Arranged into the following series: Correspondence, 1837-1968; Legal papers, 1821-1965; Financial Papers, 1830-1965; Writings, approximately 1823-1963; Speeches, approximately 1916-1959; Writings and Speeches of Others, approximately 1915-1959; Printed Material, chiefly 1950s and 1960s; Clippings, 1905-1965; Personal, approximately 1917-1959; Photographs, approximately 1910-1959; and Edith Nelson Wood (Co-executor of the Cox estate), 1962-1973.</subfield>
    </datafield>
    <datafield tag="545" ind1=" " ind2=" ">
      <subfield code="a">Racial separatist, real estate agent, and military officer of Richmond, Va., born 1880, died 1966. Descendent of John Sevier of Tennessee.</subfield>
    </datafield>
    <datafield tag="520" ind1="8" ind2=" ">
      <subfield code="a">Correspondence and right wing printed material comprise the bulk of the separation of the races, which he actively pursued through his support for the repatriation of American blacks to Africa, and his belief in the superiority of the Caucasian race. Highlighted is his work with both blacks and whites: Mittie Maude Lena Gordon, founder of the Peace Movement of Ethiopia; Marcus Garvey, Universal Negro Improvement Association; Benjamin Gibbons, Universal African Nationalist Movement; Senators Theodore G. Bilbo and William Langer, who introduced repatriation bills in Congress; John Powell and W.A. Plecker, who promoted the Virginia Racial Integrity Law of 1924; and others including S.A. Davis and Madison Grant.</subfield>
    </datafield>
    <datafield tag="520" ind1="8" ind2=" ">
      <subfield code="a">After Brown vs. the Board of Education decision in 1954, Cox enjoyed a surge of popularity and corresponded with leaders of white citizens&apos; groups from all over the United States. Writings include drafts of his works WHITE AMERICA and BLACK BELT AROUND THE WORLD, and other writings and miscellaneous notes. Efforts to distribute his works are reflected in the Correspondence and Edith Nelson Wood series. Other topics include: his trip to Africa from 1910 to 1913; his military service with the American Expeditionary Forces in World War I; his relationship with his family; and 19th century correspondence, legal and financial papers, relating to his family in Tennessee, and other miscellaneous items.</subfield>
    </datafield>
    <datafield tag="541" ind1=" " ind2=" ">
      <subfield code="a">.</subfield>
      <subfield code="c">Gifts and purchases,</subfield>
      <subfield code="d">1964-1981.</subfield>
    </datafield>
    <datafield tag="541" ind1=" " ind2=" ">
      <subfield code="a">.</subfield>
      <subfield code="c">Gift,</subfield>
      <subfield code="d">2017.</subfield>
    </datafield>
    <datafield tag="581" ind1=" " ind2=" ">
      <subfield code="a">Hedlin, Ethel Wolfskill. EARNEST COX AND COLONIZATION: A WHITE RACIST&apos;S REPONOSE TO BLACK REPATRIATION, 1923-1966, Ph. D. Dissertation, Duke University, 1974.</subfield>
    </datafield>
    <datafield tag="555" ind1="8" ind2=" ">
      <subfield code="a">Collection guide on the web.</subfield>
    </datafield>
    <datafield tag="650" ind1=" " ind2="0">
      <subfield code="a">Back to Africa movement.</subfield>
      <subfield code="0">http://id.loc.gov/authorities/subjects/sh85010793</subfield>
    </datafield>
    <datafield tag="650" ind1=" " ind2="0">
      <subfield code="a">African Americans</subfield>
      <subfield code="x">Colonization</subfield>
      <subfield code="z">Africa.</subfield>
      <subfield code="0">http://id.loc.gov/authorities/subjects/sh85001938</subfield>
    </datafield>
    <datafield tag="650" ind1=" " ind2="0">
      <subfield code="a">Racism</subfield>
      <subfield code="0">http://id.loc.gov/authorities/subjects/sh85110266</subfield>
      <subfield code="x">Societies, etc.</subfield>
      <subfield code="0">http://id.loc.gov/authorities/subjects/sh2001008901</subfield>
    </datafield>
    <datafield tag="610" ind1="2" ind2="0">
      <subfield code="a">Peace Movement of Ethiopia.</subfield>
      <subfield code="0">http://id.loc.gov/authorities/names/no2018007927</subfield>
    </datafield>
    <datafield tag="610" ind1="2" ind2="0">
      <subfield code="a">Universal Negro Improvement Association.</subfield>
      <subfield code="0">http://id.loc.gov/authorities/names/n82094397</subfield>
    </datafield>
    <datafield tag="610" ind1="2" ind2="0">
      <subfield code="a">Universal African Nationalist Movement.</subfield>
      <subfield code="0">http://id.loc.gov/authorities/names/nr2005020333</subfield>
    </datafield>
    <datafield tag="600" ind1="1" ind2="0">
      <subfield code="a">Gordon, Mittie Maude Lena,</subfield>
      <subfield code="d">-1961.</subfield>
    </datafield>
    <datafield tag="600" ind1="1" ind2="0">
      <subfield code="a">Garvey, Marcus,</subfield>
      <subfield code="d">1887-1940.</subfield>
      <subfield code="0">http://id.loc.gov/authorities/names/n79074501</subfield>
    </datafield>
    <datafield tag="600" ind1="1" ind2="0">
      <subfield code="a">Gibbons, Benjamin.</subfield>
      <subfield code="0">http://id.loc.gov/authorities/names/nb98008566</subfield>
    </datafield>
    <datafield tag="600" ind1="1" ind2="0">
      <subfield code="a">Bilbo, Theodore Gilmore,</subfield>
      <subfield code="d">1877-1947.</subfield>
      <subfield code="0">http://id.loc.gov/authorities/names/n85119172</subfield>
    </datafield>
    <datafield tag="600" ind1="1" ind2="0">
      <subfield code="a">Langer, William.</subfield>
    </datafield>
    <datafield tag="650" ind1=" " ind2="0">
      <subfield code="a">African Americans</subfield>
      <subfield code="x">Race identity.</subfield>
      <subfield code="0">http://id.loc.gov/authorities/subjects/sh85001973</subfield>
    </datafield>
    <datafield tag="651" ind1=" " ind2="0">
      <subfield code="a">Virginia</subfield>
      <subfield code="0">http://id.loc.gov/authorities/names/n79022909</subfield>
      <subfield code="x">Race relations.</subfield>
      <subfield code="0">http://id.loc.gov/authorities/subjects/sh00007552</subfield>
    </datafield>
    <datafield tag="600" ind1="1" ind2="0">
      <subfield code="a">Plecker, W. A.</subfield>
    </datafield>
    <datafield tag="650" ind1=" " ind2="0">
      <subfield code="a">White supremacy movements</subfield>
      <subfield code="z">United States.</subfield>
      <subfield code="0">http://id.loc.gov/authorities/subjects/sh91000609</subfield>
    </datafield>
    <datafield tag="600" ind1="1" ind2="0">
      <subfield code="a">Powell, John,</subfield>
      <subfield code="d">1882-1963.</subfield>
      <subfield code="0">http://id.loc.gov/authorities/names/n83187572</subfield>
    </datafield>
    <datafield tag="651" ind1=" " ind2="0">
      <subfield code="a">Africa</subfield>
      <subfield code="x">Description and travel.</subfield>
      <subfield code="0">http://id.loc.gov/authorities/subjects/sh85001543</subfield>
    </datafield>
    <datafield tag="651" ind1=" " ind2="0">
      <subfield code="a">United States</subfield>
      <subfield code="x">Race relations.</subfield>
      <subfield code="0">http://id.loc.gov/authorities/subjects/sh85140494</subfield>
    </datafield>
    <datafield tag="690" ind1=" " ind2=" ">
      <subfield code="a">White citizens&apos; councils.</subfield>
    </datafield>
    <datafield tag="650" ind1=" " ind2="0">
      <subfield code="a">African Americans</subfield>
      <subfield code="x">Segregation.</subfield>
      <subfield code="0">http://id.loc.gov/authorities/subjects/sh85001982</subfield>
    </datafield>
    <datafield tag="600" ind1="1" ind2="0">
      <subfield code="a">Cox, Earnest Sevier.</subfield>
      <subfield code="t">White America.</subfield>
    </datafield>
    <datafield tag="600" ind1="1" ind2="0">
      <subfield code="a">Cox, Earnest Sevier.</subfield>
      <subfield code="t">Black belt around the world.</subfield>
    </datafield>
    <datafield tag="600" ind1="1" ind2="0">
      <subfield code="a">Davis, S. A.</subfield>
    </datafield>
    <datafield tag="600" ind1="1" ind2="0">
      <subfield code="a">Grant, Madison,</subfield>
      <subfield code="d">1865-1937.</subfield>
      <subfield code="0">http://id.loc.gov/authorities/names/no97066686</subfield>
    </datafield>
    <datafield tag="610" ind1="1" ind2="0">
      <subfield code="a">United States.</subfield>
      <subfield code="b">Army.</subfield>
      <subfield code="b">American Expeditionary Forces.</subfield>
      <subfield code="0">http://id.loc.gov/authorities/names/n84077783</subfield>
    </datafield>
    <datafield tag="856" ind1="4" ind2="2">
      <subfield code="y">Collection guide</subfield>
      <subfield code="u">http://library.duke.edu/rubenstein/findingaids/cox/</subfield>
    </datafield>
    <datafield tag="905" ind1=" " ind2=" ">
      <subfield code="a">MARCIVE 20190326</subfield>
    </datafield>
    <datafield tag="905" ind1=" " ind2=" ">
      <subfield code="a">MARCIVE 20200114</subfield>
    </datafield>
  </record>