


  <record xmlns="http://www.loc.gov/MARC21/slim"
    xmlns:xsi="http://www.w3.org/2001/XMLSchema-instance"
    xsi:schemaLocation="http://www.loc.gov/MARC21/slim
http://www.loc.gov/standards/marcxml/schema/MARC21slim.xsd">
    <leader>     cbc a2200361Ia 4500</leader>
    <controlfield tag="001">000828719</controlfield>
    <controlfield tag="005">19881025000000.0</controlfield>
    <controlfield tag="008">881025i18011826mdu                 eng d</controlfield>
    <datafield tag="035" ind1=" " ind2=" ">
      <subfield code="a">18666353</subfield>
    </datafield>
    <datafield tag="040" ind1=" " ind2=" ">
      <subfield code="a">NDD</subfield>
      <subfield code="b">eng</subfield>
      <subfield code="e">appm</subfield>
      <subfield code="c">NDD</subfield>
    </datafield>
    <datafield tag="100" ind1="1" ind2=" ">
      <subfield code="a">McPherson, Henry,</subfield>
      <subfield code="d">active 1801-1826.</subfield>
    </datafield>
    <datafield tag="245" ind1="1" ind2="0">
      <subfield code="k">Papers,</subfield>
      <subfield code="f">1801-1826.</subfield>
    </datafield>
    <datafield tag="300" ind1=" " ind2=" ">
      <subfield code="a">4</subfield>
      <subfield code="f">items.</subfield>
    </datafield>
    <datafield tag="336" ind1=" " ind2=" ">
      <subfield code="a">text</subfield>
      <subfield code="b">txt</subfield>
      <subfield code="2">rdacontent</subfield>
    </datafield>
    <datafield tag="337" ind1=" " ind2=" ">
      <subfield code="a">unmediated</subfield>
      <subfield code="b">n</subfield>
      <subfield code="2">rdamedia</subfield>
    </datafield>
    <datafield tag="338" ind1=" " ind2=" ">
      <subfield code="a">unspecified</subfield>
      <subfield code="b">zu</subfield>
      <subfield code="2">rdacarrier</subfield>
    </datafield>
    <datafield tag="541" ind1=" " ind2=" ">
      <subfield code="a">Source inknown.</subfield>
    </datafield>
    <datafield tag="545" ind1=" " ind2=" ">
      <subfield code="a">Planter in Charles County, Md.</subfield>
    </datafield>
    <datafield tag="520" ind1="8" ind2=" ">
      <subfield code="a">Daybook, 1801-1826, in two parts, and related financial papers, 1801-1805. The first part of the daybook contains accounts, 1801-1804, mostly 1801-1802, of the general store of Thomas and C. McPherson located at Piscataway in Prince Georges County, Md. Records a variety of goods, especially cloth, and occasional entries for blacks and tobacco. The second part of the daybook records Henry McPherson&apos;s personal, family, and plantation accounts for business principally in Charles County but also in Prince Georges County. Includes a variety of goods and services with references to the purchase and hiring of slaves, tobacco crops and sales, agricultural labor, farm maintenance, rent, weaving, employment of women, tobacco warehouses at Piscataway and Nanjemoy, Md., and occasional references to grannies (nurses or midwives), free blacks, the estate of Alexander McPherson, and overseers.</subfield>
    </datafield>
    <datafield tag="650" ind1=" " ind2="0">
      <subfield code="a">General stores</subfield>
      <subfield code="0">http://id.loc.gov/authorities/subjects/sh85053768</subfield>
      <subfield code="z">Maryland.</subfield>
      <subfield code="0">http://id.loc.gov/authorities/names/n79029831</subfield>
    </datafield>
    <datafield tag="650" ind1=" " ind2="0">
      <subfield code="a">Agricultural laborers</subfield>
      <subfield code="0">http://id.loc.gov/authorities/subjects/sh85002338</subfield>
      <subfield code="z">Maryland.</subfield>
      <subfield code="0">http://id.loc.gov/authorities/names/n79029831</subfield>
    </datafield>
    <datafield tag="650" ind1=" " ind2="0">
      <subfield code="a">Landlord and tenant</subfield>
      <subfield code="0">http://id.loc.gov/authorities/subjects/sh85074376</subfield>
      <subfield code="z">Maryland.</subfield>
      <subfield code="0">http://id.loc.gov/authorities/names/n79029831</subfield>
    </datafield>
    <datafield tag="650" ind1=" " ind2="0">
      <subfield code="a">Weaving</subfield>
      <subfield code="0">http://id.loc.gov/authorities/subjects/sh85145868</subfield>
      <subfield code="z">Maryland.</subfield>
      <subfield code="0">http://id.loc.gov/authorities/names/n79029831</subfield>
    </datafield>
    <datafield tag="650" ind1=" " ind2="0">
      <subfield code="a">Women</subfield>
      <subfield code="x">Employment</subfield>
      <subfield code="0">http://id.loc.gov/authorities/subjects/sh85147294</subfield>
      <subfield code="z">Maryland.</subfield>
      <subfield code="0">http://id.loc.gov/authorities/names/n79029831</subfield>
    </datafield>
    <datafield tag="650" ind1=" " ind2="0">
      <subfield code="a">Plantations</subfield>
      <subfield code="z">Maryland.</subfield>
      <subfield code="0">http://id.loc.gov/authorities/subjects/sh89001342</subfield>
    </datafield>
    <datafield tag="650" ind1=" " ind2="0">
      <subfield code="a">Tobacco farmers</subfield>
      <subfield code="0">http://id.loc.gov/authorities/subjects/sh87002912</subfield>
      <subfield code="z">Maryland.</subfield>
      <subfield code="0">http://id.loc.gov/authorities/names/n79029831</subfield>
    </datafield>
    <datafield tag="650" ind1=" " ind2="0">
      <subfield code="a">Slaves</subfield>
      <subfield code="0">http://id.loc.gov/authorities/subjects/sh85123347</subfield>
      <subfield code="z">Maryland.</subfield>
      <subfield code="0">http://id.loc.gov/authorities/names/n79029831</subfield>
    </datafield>
    <datafield tag="650" ind1=" " ind2="0">
      <subfield code="a">Nurses</subfield>
      <subfield code="0">http://id.loc.gov/authorities/subjects/sh85093349</subfield>
      <subfield code="z">Maryland.</subfield>
      <subfield code="0">http://id.loc.gov/authorities/names/n79029831</subfield>
    </datafield>
    <datafield tag="651" ind1=" " ind2="0">
      <subfield code="a">Charles County (Md.)</subfield>
      <subfield code="0">http://id.loc.gov/authorities/names/n81018764</subfield>
      <subfield code="x">Commerce.</subfield>
      <subfield code="0">http://id.loc.gov/authorities/subjects/sh99001412</subfield>
    </datafield>
    <datafield tag="651" ind1=" " ind2="0">
      <subfield code="a">Prince George&apos;s County (Md.)</subfield>
      <subfield code="0">http://id.loc.gov/authorities/names/n79139704</subfield>
      <subfield code="x">Commerce.</subfield>
      <subfield code="0">http://id.loc.gov/authorities/subjects/sh99001412</subfield>
    </datafield>
    <datafield tag="710" ind1="2" ind2=" ">
      <subfield code="a">Thomas and C. McPherson.</subfield>
    </datafield>
    <datafield tag="905" ind1=" " ind2=" ">
      <subfield code="a">MARCIVE 20190326</subfield>
    </datafield>
    <datafield tag="905" ind1=" " ind2=" ">
      <subfield code="a">MARCIVE 20200114</subfield>
    </datafield>
  </record>
</collection>
